<?xml version="1.0" encoding="UTF-8"?><record xmlns="http://www.loc.gov/MARC21/slim" xmlns:cinclude="http://apache.org/cocoon/include/1.0" xmlns:zs="http://www.loc.gov/zing/srw/">
  <leader>00461nz  a2200145n  4500</leader>
  <controlfield tag="001">n  90618975 </controlfield>
  <controlfield tag="003">DLC</controlfield>
  <controlfield tag="005">19900315073548.6</controlfield>
  <controlfield tag="008">900309n| acannaab|          |a aaa |||  </controlfield>
  <datafield tag="010" ind1=" " ind2=" ">
    <subfield code="a">n  90618975 </subfield>
  </datafield>
  <datafield tag="040" ind1=" " ind2=" ">
    <subfield code="a">DLC</subfield>
    <subfield code="c">DLC</subfield>
    <subfield code="d">DLC</subfield>
  </datafield>
  <datafield tag="100" ind1="1" ind2="0">
    <subfield code="a">Marmosudjono, Sukarton</subfield>
  </datafield>
  <datafield tag="400" ind1="0" ind2="0">
    <subfield code="a">Sukarton Marmosudjono</subfield>
  </datafield>
  <datafield tag="400" ind1="1" ind2="0">
    <subfield code="a">Marmosujono, Sukarton</subfield>
  </datafield>
  <datafield tag="670" ind1=" " ind2=" ">
    <subfield code="a">His Penegakan hukum di negara Pancasila, 1989:</subfield>
    <subfield code="b">t.p.(Sukarton Marmosudjono, S.H.) p. iii (Jaksa Agung Republik Indonesia)</subfield>
  </datafield>
</record>